<record><leader>00000cas a2200000 a 4500</leader><controlfield tag="001">18215488</controlfield><controlfield tag="008">880714d19681973waumr ne      0    0eng d</controlfield><datafield ind1=" " ind2=" " tag="010"><subfield code="a">sn 88085777 </subfield></datafield><datafield ind1=" " ind2=" " tag="040"><subfield code="a">SLZ</subfield><subfield code="b">eng</subfield><subfield code="c">SLZ</subfield><subfield code="d">OCL</subfield><subfield code="d">OCLCQ</subfield><subfield code="d">OCLCF</subfield><subfield code="d">OCLCO</subfield></datafield><datafield ind1="1" ind2=" " tag="029"><subfield code="a">AU@</subfield><subfield code="b">000020520720</subfield></datafield><datafield ind1=" " ind2=" " tag="042"><subfield code="a">msc</subfield></datafield><datafield ind1=" " ind2=" " tag="043"><subfield code="a">n-us-wa</subfield></datafield><datafield ind1="0" ind2=" " tag="130"><subfield code="a">Free press (Fort Lewis, Wash.)</subfield></datafield><datafield ind1="1" ind2="0" tag="245"><subfield code="a">Free press.</subfield></datafield><datafield ind1=" " ind2=" " tag="260"><subfield code="a">Fort Lewis, Wash. :</subfield><subfield code="b">G.I's and Veterns from Ft. Lewis and McChord</subfield></datafield><datafield ind1=" " ind2=" " tag="310"><subfield code="a">Monthly</subfield></datafield><datafield ind1="1" ind2=" " tag="362"><subfield code="a">Began in 1968; ceased in 1973.</subfield></datafield><datafield ind1=" " ind2=" " tag="500"><subfield code="a">Between Aug. and Nov. title changed to G.I. voivce.</subfield></datafield><datafield ind1=" " ind2=" " tag="588"><subfield code="a">Description based on: Vol. 5, no. 4 (Oct. 1972).</subfield></datafield><datafield ind1=" " ind2="0" tag="651"><subfield code="a">Fort Lewis (Wash.)</subfield><subfield code="v">Newspapers.</subfield></datafield><datafield ind1=" " ind2="0" tag="651"><subfield code="a">McChord Air Force Base (Wash.)</subfield><subfield code="v">Newspapers.</subfield></datafield><datafield ind1=" " ind2="7" tag="655"><subfield code="a">Newspapers.</subfield><subfield code="2">fast</subfield><subfield code="0">(OCoLC)fst01423814</subfield></datafield><datafield ind1=" " ind2="7" tag="651"><subfield code="a">Washington (State)</subfield><subfield code="z">Fort Lewis.</subfield><subfield code="2">fast</subfield><subfield code="0">(OCoLC)fst01222959</subfield></datafield><datafield ind1=" " ind2="7" tag="651"><subfield code="a">Washington (State)</subfield><subfield code="z">McChord Air Force Base.</subfield><subfield code="2">fast</subfield><subfield code="0">(OCoLC)fst01222733</subfield></datafield><datafield ind1=" " ind2=" " tag="752"><subfield code="a">United States</subfield><subfield code="b">Washington</subfield><subfield code="c">Pierce</subfield><subfield code="d">Fort Lewis.</subfield></datafield><datafield ind1=" " ind2=" " tag="752"><subfield code="a">United States</subfield><subfield code="b">Washington</subfield><subfield code="c">Pierce</subfield><subfield code="d">McChord Air Force Base.</subfield></datafield><datafield ind1="0" ind2="0" tag="785"><subfield code="t">G.I. Voice.</subfield></datafield></record>